@article{zhou2019robust,
  title={Robust and efficient quadrotor trajectory generation for fast autonomous flight},
  author={Zhou, Boyu and Gao, Fei and Wang, Luqi and Liu, Chuhao and Shen, Shaojie},
  journal={IEEE Robotics and Automation Letters},
  volume={4},
  number={4},
  pages={3529--3536},
  year={2019},
  publisher={IEEE}
}

@article{quan2023robust,
  title={Robust and efficient trajectory planning for formation flight in dense environments},
  author={Quan, Lun and Yin, Longji and Zhang, Tingrui and Wang, Mingyang and Wang, Ruilin and Zhong, Sheng and Zhou, Xin and Cao, Yanjun and Xu, Chao and Gao, Fei},
  journal={IEEE Transactions on Robotics},
  year={2023},
  publisher={IEEE}
}

@article{lee2020learning,
  title={Learning quadrupedal locomotion over challenging terrain},
  author={Lee, Joonho and Hwangbo, Jemin and Wellhausen, Lorenz and Koltun, Vladlen and Hutter, Marco},
  journal={Science robotics},
  volume={5},
  number={47},
  pages={eabc5986},
  year={2020},
  publisher={American Association for the Advancement of Science}
}

@article{hwangbo2017control,
  title={Control of a quadrotor with reinforcement learning},
  author={Hwangbo, Jemin and Sa, Inkyu and Siegwart, Roland and Hutter, Marco},
  journal={IEEE Robotics and Automation Letters},
  volume={2},
  number={4},
  pages={2096--2103},
  year={2017},
  publisher={IEEE}
}

@inproceedings{gu2017deep,
  title={Deep reinforcement learning for robotic manipulation with asynchronous off-policy updates},
  author={Gu, Shixiang and Holly, Ethan and Lillicrap, Timothy and Levine, Sergey},
  booktitle={2017 IEEE international conference on robotics and automation (ICRA)},
  pages={3389--3396},
  year={2017},
  organization={IEEE}
}

@inproceedings{gu2016continuous,
  title={Continuous deep q-learning with model-based acceleration},
  author={Gu, Shixiang and Lillicrap, Timothy and Sutskever, Ilya and Levine, Sergey},
  booktitle={International conference on machine learning},
  pages={2829--2838},
  year={2016},
  organization={PMLR}
}